@book{bartlett_1932,
  title={Remembering: A study in experimental and social psychology},
  author={Bartlett, Frederic Charles},
  year={1932},
  publisher={Cambridge university press}
}

@article{posner_1968,
  title={On the genesis of abstract ideas.},
  author={Posner, Michael I and Keele, Steven W},
  journal={Journal of experimental psychology},
  volume={77},
  number={3p1},
  pages={353},
  year={1968},
  publisher={American Psychological Association}
}



@article{o_1971,
  title={The hippocampus as a spatial map: preliminary evidence from unit activity in the freely-moving rat.},
  author={O'Keefe, John and Dostrovsky, Jonathan},
  journal={Brain research},
  year={1971},
  publisher={Elsevier Science}
}

@article{tulving_1972,
  title={Episodic and semantic memory},
  author={Tulving, E},
  journal={Organization of memory/Academic Press},
  year={1972}
}


@article{barlow_1972,
  title={Single units and sensation: a neuron doctrine for perceptual psychology?},
  author={Barlow, Horace B},
  journal={Perception},
  volume={1},
  number={4},
  pages={371--394},
  year={1972},
  publisher={SAGE Publications Sage UK: London, England}
}

@article{hopfield_1982,
  title={Neural networks and physical systems with emergent collective computational abilities.},
  author={Hopfield, John J},
  journal={Proceedings of the national academy of sciences},
  volume={79},
  number={8},
  pages={2554--2558},
  year={1982}
}


@article{alba_1983,
  title={Is memory schematic?},
  author={Alba, Joseph W and Hasher, Lynn},
  journal={Psychological Bulletin},
  volume={93},
  number={2},
  pages={203},
  year={1983},
  publisher={American Psychological Association}
}



@article{mckoon_1986,
  title={A critical evaluation of the semantic-episodic distinction.},
  author={McKoon, Gail and Ratcliff, Roger and Dell, Gary S},
  year={1986},
  publisher={American Psychological Association}
}


@article{treves_1991,
  title={What determines the capacity of autoassociative memories in the brain?},
  author={Treves, Alessandro and Rolls, Edmund T},
  journal={Network: Computation in Neural Systems},
  volume={2},
  number={4},
  pages={371},
  year={1991},
  publisher={IOP Publishing}
}

@article{squire_1991,
  title={The medial temporal lobe memory system},
  author={Squire, Larry R and Zola-Morgan, Stuart},
  journal={Science},
  volume={253},
  number={5026},
  pages={1380--1386},
  year={1991},
  publisher={American Association for the Advancement of Science}
}


@article{treves_1994,
  title={Computational analysis of the role of the hippocampus in memory},
  author={Treves, Alessandro and Rolls, Edmund T},
  journal={Hippocampus},
  volume={4},
  number={3},
  pages={374--391},
  year={1994},
  publisher={Wiley Online Library}
}


@article{wilson_1994,
  title={Reactivation of hippocampal ensemble memories during sleep},
  author={Wilson, Matthew A and McNaughton, Bruce L},
  journal={Science},
  volume={265},
  number={5172},
  pages={676--679},
  year={1994},
  publisher={American Association for the Advancement of Science}
}

@article{alvarez_1994,
  title={Memory consolidation and the medial temporal lobe: a simple network model.},
  author={Alvarez, Pablo and Squire, Larry R},
  journal={Proceedings of the national academy of sciences},
  volume={91},
  number={15},
  pages={7041--7045},
  year={1994},
  publisher={National Acad Sciences}
}

@article{mcclelland_1995,
  title={Why there are complementary learning systems in the hippocampus and neocortex: insights from the successes and failures of connectionist models of learning and memory.},
  author={McClelland, James L and McNaughton, Bruce L and O'Reilly, Randall C},
  journal={Psychological review},
  volume={102},
  number={3},
  pages={419},
  year={1995},
  publisher={American Psychological Association}
}

@article{mcclelland_1996,
  title={Considerations arising from a complementary learning systems perspective on hippocampus and neocortex},
  author={McClelland, James L and Goddard, Nigel H},
  journal={Hippocampus},
  volume={6},
  number={6},
  pages={654--665},
  year={1996},
  publisher={Wiley Online Library}
}

@article{kreiman_2000,
  title={Category-specific visual responses of single neurons in the human medial temporal lobe},
  author={Kreiman, Gabriel and Koch, Christof and Fried, Itzhak},
  journal={Nature neuroscience},
  volume={3},
  number={9},
  pages={946--953},
  year={2000},
  publisher={Nature Publishing Group}
}

@article{lavenex_2000,
  title={Hippocampal-neocortical interaction: A hierarchy of associativity},
  author={Lavenex, Pierre and Amaral, David G},
  journal={Hippocampus},
  volume={10},
  number={4},
  pages={420--430},
  year={2000},
  publisher={Wiley Online Library}
}


@article{oreilly_2001,
  title={Generalization in interactive networks: The benefits of inhibitory competition and Hebbian learning},
  author={O'reilly, Randall C},
  journal={Neural computation},
  volume={13},
  number={6},
  pages={1199--1241},
  year={2001},
  publisher={MIT Press One Rogers Street, Cambridge, MA 02142-1209, USA journals-info~â€¦}
}

@article{oreilly_2001b,
  title={Conjunctive representations in learning and memory: principles of cortical and hippocampal function.},
  author={O'Reilly, Randall C and Rudy, Jerry W},
  journal={Psychological review},
  volume={108},
  number={2},
  pages={311},
  year={2001},
  publisher={American Psychological Association}
}

@article{fyhn_2004,
  title={Spatial representation in the entorhinal cortex},
  author={Fyhn, Marianne and Molden, Sturla and Witter, Menno P and Moser, Edvard I and Moser, May-Britt},
  journal={Science},
  volume={305},
  number={5688},
  pages={1258--1264},
  year={2004},
  publisher={American Association for the Advancement of Science}
}

@article{squire_2004,
  title={Memory systems of the brain: a brief history and current perspective},
  author={Squire, Larry R},
  journal={Neurobiology of learning and memory},
  volume={82},
  number={3},
  pages={171--177},
  year={2004},
  publisher={Elsevier}
}

@book{rogers_2004,
  title={Semantic cognition: A parallel distributed processing approach},
  author={Rogers, Timothy T and McClelland, James L},
  year={2004},
  publisher={MIT press}
}

@book{eichenbaum_2004,
  title={From conditioning to conscious recollection: Memory systems of the brain},
  author={Eichenbaum, Howard and Cohen, Neal J},
  year={2004},
  publisher={Oxford university press}
}

@article{quiroga_2005,
  title={Invariant visual representation by single neurons in the human brain},
  author={Quiroga, R Quian and Reddy, Leila and Kreiman, Gabriel and Koch, Christof and Fried, Itzhak},
  journal={Nature},
  volume={435},
  number={7045},
  pages={1102--1107},
  year={2005},
  publisher={Nature Publishing Group UK London}
}

@book{bussmann_2006,
  title={Routledge dictionary of language and linguistics},
  author={Bussmann, Hadumod and Kazzazi, Kerstin and Trauth, Gregory},
  year={2006},
  publisher={Routledge}
}

@article{tse_2007,
  title={Schemas and memory consolidation},
  author={Tse, Dorothy and Langston, Rosamund F and Kakeyama, Masaki and Bethus, Ingrid and Spooner, Patrick A and Wood, Emma R and Witter, Menno P and Morris, Richard GM},
  journal={Science},
  volume={316},
  number={5821},
  pages={76--82},
  year={2007},
  publisher={American Association for the Advancement of Science}
}

@article{moser_2008,
  title={Place cells, grid cells, and the brain's spatial representation system},
  author={Moser, Edvard I and Kropff, Emilio and Moser, May-Britt},
  journal={Annu. Rev. Neurosci.},
  volume={31},
  pages={69--89},
  year={2008},
  publisher={Annual Reviews}
}

@article{olcese_2010,
  title={Sleep and synaptic renormalization: a computational study},
  author={Olcese, Umberto and Esser, Steve K and Tononi, Giulio},
  journal={Journal of neurophysiology},
  volume={104},
  number={6},
  pages={3476--3493},
  year={2010},
  publisher={American Physiological Society Bethesda, MD}
}

@article{winocur_2010,
  title={Memory formation and long-term retention in humans and animals: Convergence towards a transformation account of hippocampal--neocortical interactions},
  author={Winocur, Gordon and Moscovitch, Morris and Bontempi, Bruno},
  journal={Neuropsychologia},
  volume={48},
  number={8},
  pages={2339--2356},
  year={2010},
  publisher={Elsevier}
}

@article{pavlov_2010,
  title={Conditioned reflexes: an investigation of the physiological activity of the cerebral cortex},
  author={Pavlov, P Ivan},
  journal={Annals of neurosciences},
  volume={17},
  number={3},
  pages={136},
  year={2010},
  publisher={SAGE Publications}
}

@article{henke_2010,
  title={A model for memory systems based on processing modes rather than consciousness},
  author={Henke, Katharina},
  journal={Nature Reviews Neuroscience},
  volume={11},
  number={7},
  pages={523--532},
  year={2010},
  publisher={Nature Publishing Group UK London}
}

@article{greenberg_2010,
  title={Interdependence of episodic and semantic memory: Evidence from neuropsychology},
  author={Greenberg, Daniel L and Verfaellie, Mieke},
  journal={Journal of the International Neuropsychological society},
  volume={16},
  number={5},
  pages={748--753},
  year={2010},
  publisher={Cambridge University Press}
}


@article{winocur_2011,
  title={Memory transformation and systems consolidation},
  author={Winocur, Gordon and Moscovitch, Morris},
  journal={Journal of the International Neuropsychological Society},
  volume={17},
  number={5},
  pages={766--780},
  year={2011},
  publisher={Cambridge University Press}
}

@article{quiroga_2012,
  title={Concept cells: the building blocks of declarative memory functions},
  author={Quiroga, Rodrigo Quian},
  journal={Nature Reviews Neuroscience},
  volume={13},
  number={8},
  pages={587--597},
  year={2012},
  publisher={Nature Publishing Group UK London}
}

@article{mcclelland_2013,
  title={Incorporating rapid neocortical learning of new schema-consistent information into complementary learning systems theory.},
  author={McClelland, James L},
  journal={Journal of Experimental Psychology: General},
  volume={142},
  number={4},
  pages={1190},
  year={2013},
  publisher={American Psychological Association}
}


@article{saxe_2013,
  title={Exact solutions to the nonlinear dynamics of learning in deep linear neural networks},
  author={Saxe, Andrew M and McClelland, James L and Ganguli, Surya},
  journal={arXiv preprint arXiv:1312.6120},
  year={2013}
}

@article{rolls_2013,
  title={The mechanisms for pattern completion and pattern separation in the hippocampus},
  author={Rolls, Edmund T},
  journal={Frontiers in systems neuroscience},
  volume={7},
  pages={74},
  year={2013},
  publisher={Frontiers Media SA}
}

@article{mcclelland_2013,
  title={Incorporating rapid neocortical learning of new schema-consistent information into complementary learning systems theory.},
  author={McClelland, James L},
  journal={Journal of Experimental Psychology: General},
  volume={142},
  number={4},
  pages={1190},
  year={2013},
  publisher={American Psychological Association}
}

@article{dubreuil_2014,
  title={Memory capacity of networks with stochastic binary synapses},
  author={Dubreuil, Alexis M and Amit, Yali and Brunel, Nicolas},
  journal={PLoS computational biology},
  volume={10},
  number={8},
  pages={e1003727},
  year={2014},
  publisher={Public Library of Science San Francisco, USA}
}


@article{oreilly_2014,
  title={Complementary learning systems},
  author={Oâ€™Reilly, Randall C and Bhattacharyya, Rajan and Howard, Michael D and Ketz, Nicholas},
  journal={Cognitive science},
  volume={38},
  number={6},
  pages={1229--1248},
  year={2014},
  publisher={Wiley Online Library}
}

@article{buzsaki_2015,
  title={Hippocampal sharp wave-ripple: A cognitive biomarker for episodic memory and planning},
  author={Buzs{\'a}ki, Gy{\"o}rgy},
  journal={Hippocampus},
  volume={25},
  number={10},
  pages={1073--1188},
  year={2015},
  publisher={Wiley Online Library}
}


@article{magyar_2015,
  title={Two-population model for medial temporal lobe neurons: The vast majority are almost silent},
  author={Magyar, Andrew and Collins, John},
  journal={Physical Review E},
  volume={92},
  number={1},
  pages={012712},
  year={2015},
  publisher={APS}
}

@article{kumaran_2016,
  title={What learning systems do intelligent agents need? Complementary learning systems theory updated},
  author={Kumaran, Dharshan and Hassabis, Demis and McClelland, James L},
  journal={Trends in cognitive sciences},
  volume={20},
  number={7},
  pages={512--534},
  year={2016},
  publisher={Elsevier}
}




@article{aronov_2017,
  title={Mapping of a non-spatial dimension by the hippocampal--entorhinal circuit},
  author={Aronov, Dmitriy and Nevers, Rhino and Tank, David W},
  journal={Nature},
  volume={543},
  number={7647},
  pages={719--722},
  year={2017},
  publisher={Nature Publishing Group UK London}
}

@article{schapiro_2017,
  title={Complementary learning systems within the hippocampus: a neural network modelling approach to reconciling episodic memory with statistical learning},
  author={Schapiro, Anna C and Turk-Browne, Nicholas B and Botvinick, Matthew M and Norman, Kenneth A},
  journal={Philosophical Transactions of the Royal Society B: Biological Sciences},
  volume={372},
  number={1711},
  pages={20160049},
  year={2017},
  publisher={The Royal Society}
}

@article{schapiro_2017b,
  title={Sleep benefits memory for semantic category structure while preserving exemplar-specific information},
  author={Schapiro, Anna C and McDevitt, Elizabeth A and Chen, Lang and Norman, Kenneth A and Mednick, Sara C and Rogers, Timothy T},
  journal={Scientific reports},
  volume={7},
  number={1},
  pages={14869},
  year={2017},
  publisher={Nature Publishing Group UK London}
}

@article{flesch_2018,
  title={Comparing continual task learning in minds and machines},
  author={Flesch, Timo and Balaguer, Jan and Dekker, Ronald and Nili, Hamed and Summerfield, Christopher},
  journal={Proceedings of the National Academy of Sciences},
  volume={115},
  number={44},
  pages={E10313--E10322},
  year={2018},
  publisher={National Academy of Sciences}
}


@article{behrens_2018,
  title={What is a cognitive map? Organizing knowledge for flexible behavior},
  author={Behrens, Timothy EJ and Muller, Timothy H and Whittington, James CR and Mark, Shirley and Baram, Alon B and Stachenfeld, Kimberly L and Kurth-Nelson, Zeb},
  journal={Neuron},
  volume={100},
  number={2},
  pages={490--509},
  year={2018},
  publisher={Elsevier}
}

@article{saxe_2019,
  title={A mathematical theory of semantic development in deep neural networks},
  author={Saxe, Andrew M and McClelland, James L and Ganguli, Surya},
  journal={Proceedings of the National Academy of Sciences},
  volume={116},
  number={23},
  pages={11537--11546},
  year={2019},
  publisher={National Academy of Sciences}
}



@article{helfer_2020,
  title={A computational model of systems memory consolidation and reconsolidation},
  author={Helfer, Peter and Shultz, Thomas R},
  journal={Hippocampus},
  volume={30},
  number={7},
  pages={659--677},
  year={2020},
  publisher={Wiley Online Library}
}

@article{chaudhry_2020,
  title={Continual learning in low-rank orthogonal subspaces},
  author={Chaudhry, Arslan and Khan, Naeemullah and Dokania, Puneet and Torr, Philip},
  journal={Advances in Neural Information Processing Systems},
  volume={33},
  pages={9900--9911},
  year={2020}
}


@article{sun_2020,
  title={Hippocampal neurons represent events as transferable units of experience},
  author={Sun, Chen and Yang, Wannan and Martin, Jared and Tonegawa, Susumu},
  journal={Nature neuroscience},
  volume={23},
  number={5},
  pages={651--663},
  year={2020},
  publisher={Nature Publishing Group US New York}
}

@article{whittington_2020,
  title={The Tolman-Eichenbaum machine: unifying space and relational memory through generalization in the hippocampal formation},
  author={Whittington, James CR and Muller, Timothy H and Mark, Shirley and Chen, Guifen and Barry, Caswell and Burgess, Neil and Behrens, Timothy EJ},
  journal={Cell},
  volume={183},
  number={5},
  pages={1249--1263},
  year={2020},
  publisher={Elsevier}
}

@article{swanson_2020,
  title={Variable specificity of memory trace reactivation during hippocampal sharp wave ripples},
  author={Swanson, Rachel A and Levenstein, Daniel and McClain, Kathryn and Tingley, David and Buzs{\'a}ki, Gy{\"o}rgy},
  journal={Current Opinion in Behavioral Sciences},
  volume={32},
  pages={126--135},
  year={2020},
  publisher={Elsevier}
}


@article{lin_2021,
  title={Visual memorability in the absence of semantic content},
  author={Lin, Qi and Yousif, Sami R and Chun, Marvin M and Scholl, Brian J},
  journal={Cognition},
  volume={212},
  pages={104714},
  year={2021},
  publisher={Elsevier}
}


@article{moscovitch_2021,
  title={Systems consolidation, transformation and reorganization: Multiple trace theory, trace transformation theory and their competitors},
  author={Moscovitch, Morris and Gilboa, Asaf},
  year={2021},
  publisher={PsyArXiv}
}


@article{gilboa_2021,
  title={No consolidation without representation: Correspondence between neural and psychological representations in recent and remote memory},
  author={Gilboa, Asaf and Moscovitch, Morris},
  journal={Neuron},
  volume={109},
  number={14},
  pages={2239--2255},
  year={2021},
  publisher={Elsevier}
}


@article{remme_2021,
  title={Hebbian plasticity in parallel synaptic pathways: A circuit mechanism for systems memory consolidation},
  author={Remme, Michiel WH and Bergmann, Urs and Alevi, Denis and Schreiber, Susanne and Sprekeler, Henning and Kempter, Richard},
  journal={PLOS Computational Biology},
  volume={17},
  number={12},
  pages={e1009681},
  year={2021},
  publisher={Public Library of Science San Francisco, CA USA}
}

@article{gomes_2021,
  title={Hippocampus-retrosplenial cortex interaction is increased during phasic REM and contributes to memory consolidation},
  author={de Almeida-Filho, Daniel Gomes and Koike, Bruna Del Vechio and Billwiller, Francesca and Farias, Kelly Soares and de Sales, Igor Rafael Praxedes and Luppi, Pierre-Herv{\'e} and Ribeiro, Sidarta and Queiroz, Claudio Marcos},
  journal={Scientific reports},
  volume={11},
  number={1},
  pages={13078},
  year={2021},
  publisher={Nature Publishing Group UK London}
}

@article{gastaldi_2021,
  title={When shared concept cells support associations: Theory of overlapping memory engrams},
  author={Gastaldi, Chiara and Schwalger, Tilo and De Falco, Emanuela and Quiroga, Rodrigo Quian and Gerstner, Wulfram},
  journal={PLOS Computational Biology},
  volume={17},
  number={12},
  pages={e1009691},
  year={2021},
  publisher={Public Library of Science San Francisco, CA USA}
}

@article{ranganath_2022,
  title={What is episodic memory and how do we use it?},
  author={Ranganath, Charan},
  journal={Trends in Cognitive Sciences},
  volume={26},
  number={12},
  pages={1059--1061},
  year={2022},
  publisher={Elsevier}
}

@article{chrysanthidis_2022,
  title={Traces of semantization, from episodic to semantic memory in a spiking cortical network model},
  author={Chrysanthidis, Nikolaos and Fiebig, Florian and Lansner, Anders and Herman, Pawel},
  journal={Eneuro},
  volume={9},
  number={4},
  year={2022},
  publisher={Society for Neuroscience}
}


@article{singh_2022,
  title={A model of autonomous interactions between hippocampus and neocortex driving sleep-dependent memory consolidation},
  author={Singh, Dhairyya and Norman, Kenneth A and Schapiro, Anna C},
  journal={Proceedings of the National Academy of Sciences},
  volume={119},
  number={44},
  pages={e2123432119},
  year={2022},
  publisher={National Acad Sciences}
}


@article{tome_2022,
  title={Coordinated hippocampal-thalamic-cortical communication crucial for engram dynamics underneath systems consolidation},
  author={Tom{\'e}, Douglas Feitosa and Sadeh, Sadra and Clopath, Claudia},
  journal={Nature communications},
  volume={13},
  number={1},
  pages={840},
  year={2022},
  publisher={Nature Publishing Group UK London}
}

@article{zhao_2022,
  title={Rapid synaptic plasticity contributes to a learned conjunctive code of position and choice-related information in the hippocampus},
  author={Zhao, Xinyu and Hsu, Ching-Lung and Spruston, Nelson},
  journal={Neuron},
  volume={110},
  number={1},
  pages={96--108},
  year={2022},
  publisher={Elsevier}
}

@article{malik_2022,
  title={Top-down control of hippocampal signal-to-noise by prefrontal long-range inhibition},
  author={Malik, Ruchi and Li, Yi and Schamiloglu, Selin and Sohal, Vikaas S},
  journal={Cell},
  volume={185},
  number={9},
  pages={1602--1617},
  year={2022},
  publisher={Elsevier}
}


@article{quiroga_2023,
  title={An integrative view of human hippocampal function: Differences with other species and capacity considerations},
  author={Quian Quiroga, Rodrigo},
  journal={Hippocampus},
  volume={33},
  number={5},
  pages={616--634},
  year={2023},
  publisher={Wiley Online Library}
}

@article{iman_2023,
  title={A review of deep transfer learning and recent advancements},
  author={Iman, Mohammadreza and Arabnia, Hamid Reza and Rasheed, Khaled},
  journal={Technologies},
  volume={11},
  number={2},
  pages={40},
  year={2023},
  publisher={MDPI}
}



@article{sun_2023,
  title={Organizing memories for generalization in complementary learning systems},
  author={Sun, Weinan and Advani, Madhu and Spruston, Nelson and Saxe, Andrew and Fitzgerald, James E},
  journal={Nature neuroscience},
  volume={26},
  number={8},
  pages={1438--1448},
  year={2023},
  publisher={Nature Publishing Group US New York}
}


@article{lee_2023,
  title={Neocortical synaptic engrams for remote contextual memories},
  author={Lee, Ji-Hye and Kim, Woong Bin and Park, Eui Ho and Cho, Jun-Hyeong},
  journal={Nature Neuroscience},
  volume={26},
  number={2},
  pages={259--273},
  year={2023},
  publisher={Nature Publishing Group US New York}
}

@article{kang_2023,
  title={Hopfield-like network with complementary encodings of memories},
  author={Kang, Louis and Toyoizumi, Taro},
  journal={Physical Review E},
  volume={108},
  number={5},
  pages={054410},
  year={2023},
  publisher={APS}
}

@article{fung_2023,
  title={Competition on presynaptic resources enhances the discrimination of interfering memories},
  author={Fung, Chi Chung Alan and Fukai, Tomoki},
  journal={PNAS nexus},
  volume={2},
  number={6},
  pages={pgad161},
  year={2023},
  publisher={Oxford University Press US}
}

@article{asabuki_2023,
  title={Embedding stochastic dynamics of the environment in spontaneous activity by prediction-based plasticity},
  author={Asabuki, Toshitake and Clopath, Claudia},
  journal={bioRxiv},
  pages={2023--05},
  year={2023},
  publisher={Cold Spring Harbor Laboratory}
}

@article{kurth_2023,
  title={Replay and compositional computation},
  author={Kurth-Nelson, Zeb and Behrens, Timothy and Wayne, Greg and Miller, Kevin and Luettgau, Lennart and Dolan, Ray and Liu, Yunzhe and Schwartenbeck, Philipp},
  journal={Neuron},
  volume={111},
  number={4},
  pages={454--469},
  year={2023},
  publisher={Elsevier}
}

@article{kolibius_2023,
  title={Hippocampal neurons code individual episodic memories in humans},
  author={Kolibius, Luca D and Roux, Frederic and Parish, George and Ter Wal, Marije and Van Der Plas, Mircea and Chelvarajah, Ramesh and Sawlani, Vijay and Rollings, David T and Lang, Johannes D and Gollwitzer, Stephanie and others},
  journal={Nature human behaviour},
  volume={7},
  number={11},
  pages={1968--1979},
  year={2023},
  publisher={Nature Publishing Group UK London}
}

@article{courellis_2024,
  title={Abstract representations emerge in human hippocampal neurons during inference},
  author={Courellis, Hristos S and Minxha, Juri and Cardenas, Araceli R and Kimmel, Daniel L and Reed, Chrystal M and Valiante, Taufik A and Salzman, C Daniel and Mamelak, Adam N and Fusi, Stefano and Rutishauser, Ueli},
  journal={Nature},
  volume={632},
  number={8026},
  pages={841--849},
  year={2024},
  publisher={Nature Publishing Group UK London}
}


@article{chettih_2024,
  title={Barcoding of episodic memories in the hippocampus of a food-caching bird},
  author={Chettih, Selmaan N and Mackevicius, Emily L and Hale, Stephanie and Aronov, Dmitriy},
  journal={Cell},
  volume={187},
  number={8},
  pages={1922--1935},
  year={2024},
  publisher={Elsevier}
}




@article{zhang_2024,
  title={Analyzing the Benefits of Prototypes for Semi-Supervised Category Learning},
  author={Zhang, Liyi and Nelson, Logan and Griffiths, Thomas L},
  journal={arXiv preprint arXiv:2406.02268},
  year={2024}
}


@article{tome_2024,
  title={Dynamic and selective engrams emerge with memory consolidation},
  author={Tom{\'e}, Douglas Feitosa and Zhang, Ying and Aida, Tomomi and Mosto, Olivia and Lu, Yifeng and Chen, Mandy and Sadeh, Sadra and Roy, Dheeraj S and Clopath, Claudia},
  journal={Nature Neuroscience},
  volume={27},
  number={3},
  pages={561--572},
  year={2024},
  publisher={Nature Publishing Group US New York}
}

@article{liu_2024,
  title={A complementary learning systems model of how sleep moderates retrieval practice effects},
  author={Liu, Xiaonan L and Ranganath, Charan and Oâ€™Reilly, Randall C},
  journal={Psychonomic Bulletin \& Review},
  pages={1--14},
  year={2024},
  publisher={Springer}
}

@article{spens_2024,
  title={A generative model of memory construction and consolidation},
  author={Spens, Eleanor and Burgess, Neil},
  journal={Nature Human Behaviour},
  pages={1--18},
  year={2024},
  publisher={Nature Publishing Group UK London}
}

@article{guerreiro_2024,
  title={Memory's gatekeeper: the role of PFC in the encoding of familiar events},
  author={Guerreiro, Ines C and Clopath, Claudia C},
  journal={bioRxiv},
  pages={2024--02},
  year={2024},
  publisher={Cold Spring Harbor Laboratory}
}

@article{gentry_2024,
  title={Transitional gradation and the distinction between episodic and semantic memory},
  author={Gentry, Hunter and Buckner, Cameron},
  journal={Philosophical Transactions B},
  volume={379},
  number={1913},
  pages={20230407},
  year={2024},
  publisher={The Royal Society}
}

@article{shin_2024,
  title={Prefrontal cortical ripples mediate top-down suppression of hippocampal reactivation during sleep memory consolidation},
  author={Shin, Justin D and Jadhav, Shantanu P},
  journal={Current biology},
  volume={34},
  number={13},
  pages={2801--2811},
  year={2024},
  publisher={Elsevier}
}





@article{rey_2025,
  title={Lack of context modulation in human single neuron responses in the medial temporal lobe},
  author={Rey, Hernan G and Panagiotaropoulos, Theofanis I and Gutierrez, Lorenzo and Chaure, Fernando J and Nasimbera, Alejandro and Cordisco, Santiago and Nishida, Fabian and Valentin, Antonio and Alarcon, Gonzalo and Richardson, Mark P and others},
  journal={Cell Reports},
  volume={44},
  number={1},
  year={2025},
  publisher={Elsevier}
}

@article{albesagonzalez_2025,
  title={Predicting episodic structure from partially overlapping input},
  author={Albesa-GonzÃ¡lez, Albert and Clopath, Claudia},
  journal={bioRxiv},
  pages={2025--03},
  year={2025},
  publisher={Cold Spring Harbor Laboratory}
}

@article{chandra_2025,
  title={Episodic and associative memory from spatial scaffolds in the hippocampus},
  author={Chandra, Sarthak and Sharma, Sugandha and Chaudhuri, Rishidev and Fiete, Ila},
  journal={Nature},
  volume={638},
  number={8051},
  pages={739--751},
  year={2025},
  publisher={Nature Publishing Group UK London}
}

@article{pink_2025,
  title={Position: Episodic Memory is the Missing Piece for Long-Term LLM Agents},
  author={Pink, Mathis and Wu, Qinyuan and Vo, Vy Ai and Turek, Javier and Mu, Jianing and Huth, Alexander and Toneva, Mariya},
  journal={arXiv preprint arXiv:2502.06975},
  year={2025}
}

@inproceedings{fountas_2025,
  title={Human-inspired episodic memory for infinite context LLMs},
  author={Fountas, Zafeirios and Benfeghoul, Martin and Oomerjee, Adnan and Christopoulou, Fenia and Lampouras, Gerasimos and Ammar, Haitham Bou and Wang, Jun},
  booktitle={The Thirteenth International Conference on Learning Representations},
  year={2025}
}

@article{dong_2025,
  title={Towards large language models with human-like episodic memory},
  author={Dong, Cody V and Lu, Qihong and Norman, Kenneth A and Michelmann, Sebastian},
  journal={Trends in Cognitive Sciences},
  year={2025},
  publisher={Elsevier}
}

@article{chandra_2025,
  title={Episodic and associative memory from spatial scaffolds in the hippocampus},
  author={Chandra, Sarthak and Sharma, Sugandha and Chaudhuri, Rishidev and Fiete, Ila},
  journal={Nature},
  volume={638},
  number={8051},
  pages={739--751},
  year={2025},
  publisher={Nature Publishing Group UK London}
}







